<?xml version="1.0" encoding="UTF-8"?><collection xmlns="http://www.loc.gov/MARC21/slim"><record><leader>00326nam--2200133-i-4500</leader><controlfield tag="001">000036173</controlfield><controlfield tag="002">20161230</controlfield><controlfield tag="005">20161230201040</controlfield><controlfield tag="008">060222s1000------------r-----000-0-eng-d</controlfield><datafield ind1=" " ind2=" " tag="080"><subfield code="a">343.52</subfield></datafield><datafield ind1=" " ind2=" " tag="100"><subfield code="a">Nascitiu, T</subfield></datafield><datafield ind1=" " ind2=" " tag="245"><subfield code="a">Metode radiometrice de analiza</subfield></datafield><datafield ind1=" " ind2=" " tag="260"><subfield code="a">Bucuresti, Editura Acad. Rpr, 1971. 345p</subfield></datafield><datafield ind1=" " ind2=" " tag="852"><subfield code="a">34819</subfield></datafield></record></collection>